@article{jacobs-rutten-tutorial,
  author = {Jacobs, Bart and Rutten, Jan},
  title = {A tutorial on (co) algebras and (co) induction},
  year = {1997},
  publisher = {Bulletin-European Association for Theoretical Computer Science}
}

@article{DBLP:journals/jfp/McbrideP08,
  author       = {Conor McBride and
                  Ross Paterson},
  title        = {Applicative programming with effects},
  journal      = {J. Funct. Program.},
  volume       = {18},
  number       = {1},
  pages        = {1--13},
  year         = {2008},
  url          = {https://doi.org/10.1017/S0956796807006326},
  doi          = {10.1017/S0956796807006326},
  timestamp    = {Fri, 02 Nov 2018 09:31:48 +0100},
  biburl       = {https://dblp.org/rec/journals/jfp/McbrideP08.bib},
  bibsource    = {dblp computer science bibliography, https://dblp.org}
}

@inproceedings{DBLP:conf/ac/BentonHM00,
  author       = {Nick Benton and
                  John Hughes and
                  Eugenio Moggi},
  editor       = {Gilles Barthe and
                  Peter Dybjer and
                  Lu{\'{\i}}s Pinto and
                  Jo{\~{a}}o Saraiva},
  title        = {Monads and Effects},
  booktitle    = {Applied Semantics, International Summer School, {APPSEM} 2000, Caminha,
                  Portugal, September 9-15, 2000, Advanced Lectures},
  series       = {Lecture Notes in Computer Science},
  volume       = {2395},
  pages        = {42--122},
  publisher    = {Springer},
  year         = {2000},
  url          = {https://doi.org/10.1007/3-540-45699-6_2},
  doi          = {10.1007/3-540-45699-6_2},
  timestamp    = {Wed, 16 Mar 2022 22:31:11 +0100},
  biburl       = {https://dblp.org/rec/conf/ac/BentonHM00.bib},
  bibsource    = {dblp computer science bibliography, https://dblp.org}
}


@article{DBLP:journals/iandc/Moggi91,
  author       = {Eugenio Moggi},
  title        = {Notions of Computation and Monads},
  journal      = {Inf. Comput.},
  volume       = {93},
  number       = {1},
  pages        = {55--92},
  year         = {1991},
  url          = {https://doi.org/10.1016/0890-5401(91)90052-4},
  doi          = {10.1016/0890-5401(91)90052-4},
  timestamp    = {Fri, 12 Feb 2021 22:16:40 +0100},
  biburl       = {https://dblp.org/rec/journals/iandc/Moggi91.bib},
  bibsource    = {dblp computer science bibliography, https://dblp.org}
}

@article{DBLP:journals/jfrea/AhrensZ11,
  author    = {Benedikt Ahrens and
               Julianna Zsidó},
  title     = {Initial Semantics for higher-order typed syntax in Coq},
  journal   = {J. Formaliz. Reason.},
  volume    = {4},
  number    = {1},
  pages     = {25--69},
  year      = {2011},
  url       = {https://doi.org/10.6092/issn.1972-5787/2066},
  doi       = {10.6092/issn.1972-5787/2066},
  timestamp = {Thu, 24 Sep 2020 13:05:55 +0200},
  biburl    = {https://dblp.org/rec/journals/jfrea/AhrensZ11.bib},
  bibsource = {dblp computer science bibliography, https://dblp.org}
}

@inproceedings{DBLP:conf/csl/AltenkirchR99,
  author       = {Thorsten Altenkirch and
                  Bernhard Reus},
  editor       = {Jörg Flum and
                  Mario Rodr{\'{i}}guez{-}Artalejo},
  title        = {Monadic Presentations of Lambda Terms Using Generalized Inductive
                  Types},
  booktitle    = {Computer Science Logic, 13th International Workshop, {CSL} '99, 8th
                  Annual Conference of the EACSL, Madrid, Spain, September 20-25, 1999,
                  Proceedings},
  series       = {Lecture Notes in Computer Science},
  volume       = {1683},
  pages        = {453--468},
  publisher    = {Springer},
  year         = {1999},
  url          = {https://doi.org/10.1007/3-540-48168-0_32},
  doi          = {10.1007/3-540-48168-0_32},
  timestamp    = {Tue, 14 May 2019 10:00:42 +0200},
  biburl       = {https://dblp.org/rec/conf/csl/AltenkirchR99.bib},
  bibsource    = {dblp computer science bibliography, https://dblp.org}
}


@article{DBLP:journals/fac/BirdP99,
  author    = {Richard S. Bird and
               Ross Paterson},
  title     = {Generalised folds for nested datatypes},
  journal   = {Formal Aspects Comput.},
  volume    = {11},
  number    = {2},
  pages     = {200--222},
  year      = {1999},
  url       = {https://doi.org/10.1007/s001650050047},
  doi       = {10.1007/s001650050047},
  timestamp = {Mon, 09 May 2022 16:20:12 +0200},
  biburl    = {https://dblp.org/rec/journals/fac/BirdP99.bib},
  bibsource = {dblp computer science bibliography, https://dblp.org}
}

@phdthesis{DBLP:phd/ethos/Harper13,
  author    = {Thomas Harper},
  title     = {Theory and practice of shortcut fusion},
  school    = {University of Oxford, {UK}},
  year      = {2013},
  url       = {https://ethos.bl.uk/OrderDetails.do?uin=uk.bl.ethos.770324},
  timestamp = {Tue, 05 Apr 2022 10:58:55 +0200},
  biburl    = {https://dblp.org/rec/phd/ethos/Harper13.bib},
  bibsource = {dblp computer science bibliography, https://dblp.org}
}

@article{DBLP:journals/scp/Malcolm90,
  author    = {Grant Malcolm},
  title     = {Data Structures and Program Transformation},
  journal   = {Sci. Comput. Program.},
  volume    = {14},
  number    = {2-3},
  pages     = {255--279},
  year      = {1990},
  url       = {https://doi.org/10.1016/0167-6423(90)90023-7},
  doi       = {10.1016/0167-6423(90)90023-7},
  timestamp = {Wed, 17 Feb 2021 21:55:42 +0100},
  biburl    = {https://dblp.org/rec/journals/scp/Malcolm90.bib},
  bibsource = {dblp computer science bibliography, https://dblp.org}
}

@article{DBLP:journals/jfp/Gibbons21,
  author    = {Jeremy Gibbons},
  title     = {How to design co-programs},
  journal   = {J. Funct. Program.},
  volume    = {31},
  pages     = {e15},
  year      = {2021},
  url       = {https://doi.org/10.1017/S0956796821000113},
  doi       = {10.1017/S0956796821000113},
  timestamp = {Sat, 09 Apr 2022 12:29:44 +0200},
  biburl    = {https://dblp.org/rec/journals/jfp/Gibbons21.bib},
  bibsource = {dblp computer science bibliography, https://dblp.org}
}


@misc{leinster:basic-bicats,
  title = {{Basic Bicategories}},
  author = {Leinster, Tom},
  year = {1998},
  eprint = {math/9810017},
  url = {https://arxiv.org/abs/math/9810017},
  note = {\url{https://arxiv.org/abs/math/9810017}}
}


@misc{Fokkinga_homo-cata,
  author = {Maarten M. Fokkinga},
  title = {Homo- and Catamorphisms, Reductions and Maps --- An Overview},
  year = {1990},
  url = {https://maartenfokkinga.github.io/utwente/mmf90.pdf}
}


@inproceedings{DBLP:conf/fpca/MeijerFP91,
  author    = {Erik Meijer and
               Maarten M. Fokkinga and
               Ross Paterson},
  editor    = {John Hughes},
  title     = {Functional Programming with Bananas, Lenses, Envelopes and Barbed
               Wire},
  booktitle = {Functional Programming Languages and Computer Architecture, 5th {ACM}
               Conference, Cambridge, MA, USA, August 26-30, 1991, Proceedings},
  series    = {Lecture Notes in Computer Science},
  volume    = {523},
  pages     = {124--144},
  publisher = {Springer},
  year      = {1991},
  url       = {https://doi.org/10.1007/3540543961_7},
  doi       = {10.1007/3540543961_7},
  timestamp = {Tue, 08 Mar 2022 10:14:58 +0100},
  biburl    = {https://dblp.org/rec/conf/fpca/MeijerFP91.bib},
  bibsource = {dblp computer science bibliography, https://dblp.org}
}

@article{DBLP:journals/jfp/Hutton99,
  author    = {Graham Hutton},
  title     = {A Tutorial on the Universality and Expressiveness of Fold},
  journal   = {J. Funct. Program.},
  volume    = {9},
  number    = {4},
  pages     = {355--372},
  year      = {1999},
  url       = {http://journals.cambridge.org/action/displayAbstract?aid=44275},
  timestamp = {Fri, 10 Jun 2011 14:42:12 +0200},
  biburl    = {https://dblp.org/rec/journals/jfp/Hutton99.bib},
  bibsource = {dblp computer science bibliography, https://dblp.org}
}


@phdthesis{vene_phd,
  author = {Vene, Varmo},
  title = {Categorical programming with inductive and coinductive types},
  year = {2000},
  school = {University of Tartu},
}

@book{pierce,
  author = {Pierce, Benjamin},
  title = {A taste of category theory for computer scientists},
  url = {https://kilthub.cmu.edu/articles/journal_contribution/A_taste_of_category_theory_for_computer_scientists/6602756/1},
  year = {1988},
  note = {Available for free},
  }

@misc{haskell-wiki-hask,
   author = {HaskellWiki},
   title = {Hask --- HaskellWiki{,}},
   year = "2012",
   url = {https://wiki.haskell.org/index.php?title=Hask&oldid=52908},
   note = {[Online; accessed 9-April-2022]}
 }

@misc{goguen_thatcher_wagner_wright_1973,
  author = {J. A. Goguen, J. W. Thatcher, E. G. Wagner, J. B. Wright},
  title = {A Junction between Computer Science and Category Theory, I: Basic Concepts and Examples (Part 1)},
  year = {1973},
  note = {IBM Technical Report, \url{https://dominoweb.draco.res.ibm.com/49eae98dc5a21de0852574ff005001c8.html}}
  }


@book{leinster,
 author = {Leinster, Tom},
 title = {Basic Category Theory},
 url = {https://arxiv.org/abs/1612.09375},
 note = {Available under a Creative Commons license}
 }

@misc{catsters,
  author = {Catsters, The},
  title = {Video lectures on category theory},
  url = {https://www.youtube.com/user/TheCatsters}
}

@book{barr-wells,
  author = {Barr, Michael and Wells, Charles},
  title = {Category Theory for Computing Science},
  url = {http://www.tac.mta.ca/tac/reprints/articles/22/tr22abs.html},
  note = {Originally published: Prentice-Hall International Series in Computer Science, 1995}
 }